
@article{word2vec,
  author    = {Tomas Mikolov and
               Ilya Sutskever and
               Kai Chen and
               Greg Corrado and
               Jeffrey Dean},
  title     = {Distributed Representations of Words and Phrases and their Compositionality},
  journal   = {CoRR},
  volume    = {abs/1310.4546},
  year      = {2013},
  url       = {http://arxiv.org/abs/1310.4546},
  archivePrefix = {arXiv},
  eprint    = {1310.4546},
  timestamp = {Mon, 13 Aug 2018 16:47:09 +0200},
  biburl    = {https://dblp.org/rec/bib/journals/corr/MikolovSCCD13},
  bibsource = {dblp computer science bibliography, https://dblp.org}
}


%%// 实验数据集来源
@article{dataset,
 author = {Raychev, Veselin and Bielik, Pavol and Vechev, Martin and Krause, Andreas},
 title = {Learning Programs from Noisy Data},
 journal = {SIGPLAN Not.},
 issue_date = {January 2016},
 volume = {51},
 number = {1},
 month = jan,
 year = {2016},
 issn = {0362-1340},
 pages = {761--774},
 numpages = {14},
 url = {http://doi.acm.org/10.1145/2914770.2837671},
 doi = {10.1145/2914770.2837671},
 acmid = {2837671},
 publisher = {ACM},
 address = {New York, NY, USA},
 keywords = {Anomaly Detection, Big Code, Noisy Data, Program Synthesis, Regularization, Statistical Code Completion}
} 



%%// 第一个使用n-gram模型在code completion领域
@inproceedings{hindle2012naturalness,
  title={On the naturalness of software},
  author={Hindle, Abram and Barr, Earl T and Su, Zhendong and Gabel, Mark and Devanbu, Premkumar},
  booktitle={2012 34th International Conference on Software Engineering (ICSE)},
  pages={837--847},
  year={2012},
  organization={IEEE}
}


%%// 第二个应用n-gram的研究
@article{DBLP:journals/corr/MaddisonT14,
  author    = {Chris J. Maddison and
               Daniel Tarlow},
  title     = {Structured Generative Models of Natural Source Code},
  journal   = {CoRR},
  volume    = {abs/1401.0514},
  year      = {2014},
  url       = {http://arxiv.org/abs/1401.0514},
  archivePrefix = {arXiv},
  eprint    = {1401.0514},
  timestamp = {Mon, 13 Aug 2018 16:45:59 +0200},
  biburl    = {https://dblp.org/rec/bib/journals/corr/MaddisonT14},
  bibsource = {dblp computer science bibliography, https://dblp.org}
}



%%// 第三个应用n-gram模型的研究
@inproceedings{Nguyen:2013:SSL:2491411.2491458,
 author = {Nguyen, Tung Thanh and Nguyen, Anh Tuan and Nguyen, Hoan Anh and Nguyen, Tien N.},
 title = {A Statistical Semantic Language Model for Source Code},
 booktitle = {Proceedings of the 2013 9th Joint Meeting on Foundations of Software Engineering},
 series = {ESEC/FSE 2013},
 year = {2013},
 isbn = {978-1-4503-2237-9},
 location = {Saint Petersburg, Russia},
 pages = {532--542},
 numpages = {11},
 url = {http://doi.acm.org/10.1145/2491411.2491458},
 doi = {10.1145/2491411.2491458},
 acmid = {2491458},
 publisher = {ACM},
 address = {New York, NY, USA},
 keywords = {Code Completion, Statistical Semantic Language Model}
}

%%// 第一个使用programming language grammar 方法的研究
@inproceedings{allamanis2014mining,
  title={Mining idioms from source code},
  author={Allamanis, Miltiadis and Sutton, Charles},
  booktitle={Proceedings of the 22nd ACM SIGSOFT International Symposium on Foundations of Software Engineering},
  pages={472--483},
  year={2014},
  organization={ACM}
}

%%// 第三个使用programming language grammar 方法的研究
@inproceedings{liang2010learning,
  title={Learning programs: A hierarchical Bayesian approach},
  author={Liang, Percy and Jordan, Michael I and Klein, Dan},
  booktitle={Proceedings of the 27th International Conference on Machine Learning (ICML-10)},
  pages={639--646},
  year={2010}
}


%%//第二个使用programming language grammar 方法的研究





%%// 提出添加TT-EMTPY的论文 PHOG模型
@inproceedings{bielik2016phog,
  title={PHOG: probabilistic model for code},
  author={Bielik, Pavol and Raychev, Veselin and Vechev, Martin},
  booktitle={International Conference on Machine Learning},
  pages={2933--2942},
  year={2016}
}

%%//PMCDT模型
@inproceedings{raychev2016probabilistic,
  title={Probabilistic model for code with decision trees},
  author={Raychev, Veselin and Bielik, Pavol and Vechev, Martin},
  booktitle={ACM SIGPLAN Notices},
  volume={51},
  number={10},
  pages={731--747},
  year={2016},
  organization={ACM}
}

%%// 第一个用RNN尝试ccs的论文
@inproceedings{raychev2014code,
  title={Code completion with statistical language models},
  author={Raychev, Veselin and Vechev, Martin and Yahav, Eran},
  booktitle={Acm Sigplan Notices},
  volume={49},
  number={6},
  pages={419--428},
  year={2014},
  organization={ACM}
}


%%// 第2个用RNN尝试ccs的论文
@inproceedings{white2015toward,
  title={Toward deep learning software repositories},
  author={White, Martin and Vendome, Christopher and Linares-V{\'a}squez, Mario and Poshyvanyk, Denys},
  booktitle={Proceedings of the 12th Working Conference on Mining Software Repositories},
  pages={334--345},
  year={2015},
  organization={IEEE Press}
}



@article{liu2016neural,
  title={Neural code completion},
  author={Liu, Chang and Wang, Xin and Shin, Richard and Gonzalez, Joseph E and Song, Dawn},
  year={2016}
}